<?xml version="1.0" encoding="UTF-8"?>
  <record xmlns="http://www.loc.gov/MARC21/slim" type="Authority">
    <leader>00000nz  a2200000nc 4500</leader>
    <controlfield tag="001">118725939</controlfield>
    <controlfield tag="003">DE-101</controlfield>
    <controlfield tag="005">20220429151619.0</controlfield>
    <controlfield tag="008">880701n||azznnaabn           | aaa    |c</controlfield>
    <datafield tag="024" ind1="7" ind2=" ">
      <subfield code="a">118725939</subfield>
      <subfield code="0">http://d-nb.info/gnd/118725939</subfield>
      <subfield code="2">gnd</subfield>
    </datafield>
    <datafield tag="024" ind1="7" ind2=" ">
      <subfield code="a">0000 0001 2283 1647</subfield>
      <subfield code="2">isni</subfield>
    </datafield>
    <datafield tag="035" ind1=" " ind2=" ">
      <subfield code="a">(DE-101)118725939</subfield>
    </datafield>
    <datafield tag="035" ind1=" " ind2=" ">
      <subfield code="a">(DE-588)118725939</subfield>
    </datafield>
    <datafield tag="035" ind1=" " ind2=" ">
      <subfield code="z">(DE-588)1030264295</subfield>
    </datafield>
    <datafield tag="035" ind1=" " ind2=" ">
      <subfield code="z">(DE-588)186351801</subfield>
    </datafield>
    <datafield tag="035" ind1=" " ind2=" ">
      <subfield code="z">(DE-588a)186351801</subfield>
      <subfield code="9">v:zg</subfield>
    </datafield>
    <datafield tag="035" ind1=" " ind2=" ">
      <subfield code="z">(DE-588a)118725939</subfield>
      <subfield code="9">v:zg</subfield>
    </datafield>
    <datafield tag="035" ind1=" " ind2=" ">
      <subfield code="z">(DE-588a)127445757</subfield>
    </datafield>
    <datafield tag="035" ind1=" " ind2=" ">
      <subfield code="z">(DE-588a)12646622X</subfield>
    </datafield>
    <datafield tag="035" ind1=" " ind2=" ">
      <subfield code="z">(DE-588c)4098922-7</subfield>
      <subfield code="9">v:zg</subfield>
    </datafield>
    <datafield tag="040" ind1=" " ind2=" ">
      <subfield code="a">DE-101</subfield>
      <subfield code="c">DE-101</subfield>
      <subfield code="9">r:DE-101</subfield>
      <subfield code="b">ger</subfield>
      <subfield code="d">8999</subfield>
    </datafield>
    <datafield tag="042" ind1=" " ind2=" ">
      <subfield code="a">gnd1</subfield>
    </datafield>
    <datafield tag="043" ind1=" " ind2=" ">
      <subfield code="c">XA-FR</subfield>
    </datafield>
    <datafield tag="065" ind1=" " ind2=" ">
      <subfield code="a">12.2p</subfield>
      <subfield code="2">sswd</subfield>
    </datafield>
    <datafield tag="075" ind1=" " ind2=" ">
      <subfield code="b">p</subfield>
      <subfield code="2">gndgen</subfield>
    </datafield>
    <datafield tag="075" ind1=" " ind2=" ">
      <subfield code="b">piz</subfield>
      <subfield code="2">gndspec</subfield>
    </datafield>
    <datafield tag="079" ind1=" " ind2=" ">
      <subfield code="a">g</subfield>
      <subfield code="q">a</subfield>
      <subfield code="q">f</subfield>
      <subfield code="q">s</subfield>
      <subfield code="u">v</subfield>
      <subfield code="u">w</subfield>
      <subfield code="u">o</subfield>
    </datafield>
    <datafield tag="100" ind1="0" ind2=" ">
      <subfield code="a">Lafayette</subfield>
      <subfield code="c">Madame de</subfield>
      <subfield code="d">1634-1693</subfield>
    </datafield>
    <datafield tag="375" ind1=" " ind2=" ">
      <subfield code="a">2</subfield>
      <subfield code="2">iso5218</subfield>
    </datafield>
    <datafield tag="400" ind1="0" ind2=" ">
      <subfield code="a">La Fayette</subfield>
      <subfield code="c">Madame de</subfield>
      <subfield code="d">1634-1693</subfield>
    </datafield>
    <datafield tag="400" ind1="1" ind2=" ">
      <subfield code="a">La Fayette, Marie-Madeleine Pioche de La Vergne &#152;de&#156;</subfield>
      <subfield code="d">1634-1693</subfield>
    </datafield>
    <datafield tag="400" ind1="1" ind2=" ">
      <subfield code="a">La Fayette, Marie-Madeleine Pioche de La Vergne</subfield>
      <subfield code="d">1634-1693</subfield>
    </datafield>
    <datafield tag="400" ind1="1" ind2=" ">
      <subfield code="a">La Fayette, Marie-Madeleine Pioche de La Vergne</subfield>
      <subfield code="c">comtesse de</subfield>
      <subfield code="d">1634-1693</subfield>
    </datafield>
    <datafield tag="400" ind1="1" ind2=" ">
      <subfield code="a">La Fayette, Marie-Madeleine &#152;de&#156;</subfield>
      <subfield code="d">1634-1693</subfield>
      <subfield code="9">v:ctesse</subfield>
    </datafield>
    <datafield tag="400" ind1="1" ind2=" ">
      <subfield code="a">Fayette, Marie-Madeleine &#152;de la&#156;</subfield>
      <subfield code="d">1634-1693</subfield>
    </datafield>
    <datafield tag="400" ind1="1" ind2=" ">
      <subfield code="a">La Vergne, Marie M. &#152;de&#156;</subfield>
      <subfield code="d">1634-1693</subfield>
    </datafield>
    <datafield tag="400" ind1="1" ind2=" ">
      <subfield code="a">La Vergne, Marie-Madeleine P. &#152;de&#156;</subfield>
      <subfield code="d">1634-1693</subfield>
    </datafield>
    <datafield tag="400" ind1="1" ind2=" ">
      <subfield code="a">Fayette, Marie M. &#152;de&#156;</subfield>
      <subfield code="d">1634-1693</subfield>
    </datafield>
    <datafield tag="400" ind1="1" ind2=" ">
      <subfield code="a">La Fayette, Marie-Madeleine P. &#152;de&#156;</subfield>
      <subfield code="d">1634-1693</subfield>
    </datafield>
    <datafield tag="400" ind1="1" ind2=" ">
      <subfield code="a">La Vergne, Marie &#152;de&#156;</subfield>
      <subfield code="d">1634-1693</subfield>
    </datafield>
    <datafield tag="400" ind1="1" ind2=" ">
      <subfield code="a">La Fayette, Marie &#152;de&#156;</subfield>
      <subfield code="d">1634-1693</subfield>
    </datafield>
    <datafield tag="400" ind1="1" ind2=" ">
      <subfield code="a">Pioche de la Vergne, Marie M. &#152;de&#156;</subfield>
      <subfield code="d">1634-1693</subfield>
    </datafield>
    <datafield tag="400" ind1="1" ind2=" ">
      <subfield code="a">Fayette, Marie M. &#152;de la&#156;</subfield>
      <subfield code="d">1634-1693</subfield>
    </datafield>
    <datafield tag="400" ind1="1" ind2=" ">
      <subfield code="a">Vergne, Marie-Madeleine P. &#152;de la&#156;</subfield>
      <subfield code="d">1634-1693</subfield>
    </datafield>
    <datafield tag="400" ind1="1" ind2=" ">
      <subfield code="a">Motier, Marie M. de LaFayette</subfield>
      <subfield code="d">1634-1693</subfield>
    </datafield>
    <datafield tag="400" ind1="1" ind2=" ">
      <subfield code="a">La Fayette, Marie-Magdeleine &#152;de&#156;</subfield>
      <subfield code="d">1634-1693</subfield>
    </datafield>
    <datafield tag="400" ind1="1" ind2=" ">
      <subfield code="a">La Fayette, Marie M. &#152;de&#156;</subfield>
      <subfield code="d">1634-1693</subfield>
    </datafield>
    <datafield tag="400" ind1="1" ind2=" ">
      <subfield code="a">Fayette, Marie Madeleine &#152;de la&#156;</subfield>
      <subfield code="d">1634-1693</subfield>
    </datafield>
    <datafield tag="400" ind1="1" ind2=" ">
      <subfield code="a">La Fayette, Marie Madeleine &#152;von&#156;</subfield>
      <subfield code="d">1634-1693</subfield>
    </datafield>
    <datafield tag="400" ind1="1" ind2=" ">
      <subfield code="a">V., M. D. L.</subfield>
      <subfield code="d">1634-1693</subfield>
    </datafield>
    <datafield tag="400" ind1="1" ind2=" ">
      <subfield code="a">Lafayette, Marie-Madeleine Pioche de La Vergne &#152;de&#156;</subfield>
      <subfield code="d">1634-1693</subfield>
    </datafield>
    <datafield tag="400" ind1="1" ind2=" ">
      <subfield code="a">LaFayette, Marie de LaVergne &#152;de&#156;</subfield>
      <subfield code="d">1634-1693</subfield>
    </datafield>
    <datafield tag="400" ind1="1" ind2=" ">
      <subfield code="a">La Fayette, Marie</subfield>
      <subfield code="d">1634-1693</subfield>
    </datafield>
    <datafield tag="400" ind1="1" ind2=" ">
      <subfield code="a">Vergne de LaFayette, Marie Madeleine Pioche</subfield>
      <subfield code="d">1634-1693</subfield>
    </datafield>
    <datafield tag="400" ind1="1" ind2=" ">
      <subfield code="a">La Vergne de La Fayette, Marie Madeleine Pioche &#152;de&#156;</subfield>
      <subfield code="d">1634-1693</subfield>
      <subfield code="9">v:Ctesse</subfield>
    </datafield>
    <datafield tag="400" ind1="1" ind2=" ">
      <subfield code="a">Vergne, Marie M. &#152;de la&#156;</subfield>
      <subfield code="d">1634-1693</subfield>
    </datafield>
    <datafield tag="400" ind1="0" ind2=" ">
      <subfield code="a">Lafayette</subfield>
      <subfield code="c">Madame de</subfield>
      <subfield code="d">1634-1693</subfield>
    </datafield>
    <datafield tag="400" ind1="0" ind2=" ">
      <subfield code="a">Lafayette &#152;de&#156;</subfield>
      <subfield code="c">Madame</subfield>
      <subfield code="d">1634-1693</subfield>
    </datafield>
    <datafield tag="400" ind1="1" ind2=" ">
      <subfield code="a">Pioche de la Vergne de La Fayette, Marie Madeleine</subfield>
      <subfield code="d">1634-1693</subfield>
    </datafield>
    <datafield tag="400" ind1="1" ind2=" ">
      <subfield code="a">La Vergne de la Fayette, Marie Madeleine Pioche &#152;de&#156;</subfield>
      <subfield code="d">1634-1693</subfield>
    </datafield>
    <datafield tag="400" ind1="1" ind2=" ">
      <subfield code="a">La Fayette, Marie Madeleine &#152;de&#156;</subfield>
      <subfield code="d">1634-1693</subfield>
    </datafield>
    <datafield tag="400" ind1="1" ind2=" ">
      <subfield code="a">Pioche de la Vergne, Marie-Madeleine</subfield>
      <subfield code="d">1634-1693</subfield>
    </datafield>
    <datafield tag="400" ind1="1" ind2=" ">
      <subfield code="a">Motier, Marie M. &#152;de&#156;</subfield>
      <subfield code="d">1634-1693</subfield>
    </datafield>
    <datafield tag="400" ind1="1" ind2=" ">
      <subfield code="a">Vergne, Marie-Madeleine Pioche &#152;de la&#156;</subfield>
      <subfield code="d">1634-1693</subfield>
    </datafield>
    <datafield tag="400" ind1="1" ind2=" ">
      <subfield code="a">Lafayette, Marie Madeleine &#152;de&#156;</subfield>
      <subfield code="d">1634-1693</subfield>
    </datafield>
    <datafield tag="400" ind1="1" ind2=" ">
      <subfield code="a">La Fayette, Marie Madeleine Pioche de La Vergne</subfield>
      <subfield code="d">1634-1693</subfield>
    </datafield>
    <datafield tag="400" ind1="0" ind2=" ">
      <subfield code="a">De LaFayette</subfield>
      <subfield code="c">Madame</subfield>
      <subfield code="d">1634-1693</subfield>
    </datafield>
    <datafield tag="400" ind1="1" ind2=" ">
      <subfield code="a">Lafayette, Marie Madeleine Pioche de La Vergne</subfield>
      <subfield code="d">1634-1693</subfield>
    </datafield>
    <datafield tag="400" ind1="0" ind2=" ">
      <subfield code="a">Fayette</subfield>
      <subfield code="c">Madame de La</subfield>
      <subfield code="d">1634-1693</subfield>
    </datafield>
    <datafield tag="400" ind1="0" ind2=" ">
      <subfield code="a">Madame de La Fayette</subfield>
      <subfield code="d">1634-1693</subfield>
    </datafield>
    <datafield tag="400" ind1="0" ind2=" ">
      <subfield code="a">De La Fayette</subfield>
      <subfield code="c">Madame</subfield>
      <subfield code="d">1634-1693</subfield>
    </datafield>
    <datafield tag="400" ind1="1" ind2=" ">
      <subfield code="a">Pioche de La Vergne, Marie-Madeleine</subfield>
      <subfield code="c">comtesse de La Fayette</subfield>
      <subfield code="d">1634-1693</subfield>
    </datafield>
    <datafield tag="400" ind1="1" ind2=" ">
      <subfield code="a">De La Vergne, Marie-Madeleine Pioche</subfield>
      <subfield code="c">comtesse de La Fayette</subfield>
      <subfield code="d">1634-1693</subfield>
    </datafield>
    <datafield tag="400" ind1="1" ind2=" ">
      <subfield code="a">La Vergne, Marie-Madeleine Pioche &#152;de&#156;</subfield>
      <subfield code="c">comtesse de La Fayette</subfield>
      <subfield code="d">1634-1693</subfield>
    </datafield>
    <datafield tag="400" ind1="1" ind2=" ">
      <subfield code="a">Vergne, Marie-Madeleine Pioche de La</subfield>
      <subfield code="c">comtesse de La Fayette</subfield>
      <subfield code="d">1634-1693</subfield>
    </datafield>
    <datafield tag="400" ind1="1" ind2=" ">
      <subfield code="a">Fayette, Marie-Madeleine Pioche de La Vergne</subfield>
      <subfield code="c">comtesse de La</subfield>
      <subfield code="d">1634-1693</subfield>
    </datafield>
    <datafield tag="400" ind1="0" ind2=" ">
      <subfield code="a">Madame de Lafayette</subfield>
      <subfield code="d">1634-1693</subfield>
    </datafield>
    <datafield tag="400" ind1="1" ind2=" ">
      <subfield code="a">Fayette, Marie Madeleine Pioche de LaVergne &#152;de la&#156;</subfield>
      <subfield code="d">1634-1693</subfield>
      <subfield code="9">v:RAK alt</subfield>
    </datafield>
    <datafield tag="400" ind1="1" ind2=" ">
      <subfield code="a">Lafayette, Marie-Madeleine Pioche LaVergne &#152;de&#156;</subfield>
      <subfield code="d">1634-1693</subfield>
      <subfield code="9">v:RAK alt</subfield>
    </datafield>
    <datafield tag="400" ind1="1" ind2=" ">
      <subfield code="a">LaFayette, Marie Madeleine Pioche de LaVergne &#152;de&#156;</subfield>
      <subfield code="d">1634-1693</subfield>
      <subfield code="9">v:RAK alt</subfield>
    </datafield>
    <datafield tag="400" ind1="1" ind2=" ">
      <subfield code="a">LaFayette, Marie-Madeleine &#152;de&#156;</subfield>
      <subfield code="d">1634-1693</subfield>
      <subfield code="9">v:RAK alt</subfield>
    </datafield>
    <datafield tag="400" ind1="1" ind2=" ">
      <subfield code="a">LaVergne, Marie M. &#152;de&#156;</subfield>
      <subfield code="d">1634-1693</subfield>
      <subfield code="9">v:RAK alt</subfield>
    </datafield>
    <datafield tag="400" ind1="1" ind2=" ">
      <subfield code="a">Pioche de LaVergne de LaFayette, Marie Madeleine</subfield>
      <subfield code="d">1634-1693</subfield>
      <subfield code="9">v:RAK alt</subfield>
    </datafield>
    <datafield tag="400" ind1="1" ind2=" ">
      <subfield code="a">LaVergne de LaFayette, Marie Madeleine Pioche &#152;de&#156;</subfield>
      <subfield code="d">1634-1693</subfield>
      <subfield code="9">v:RAK alt</subfield>
    </datafield>
    <datafield tag="400" ind1="1" ind2=" ">
      <subfield code="a">LaFayette, Marie Madeleine &#152;de&#156;</subfield>
      <subfield code="d">1634-1693</subfield>
      <subfield code="9">v:RAK alt</subfield>
    </datafield>
    <datafield tag="400" ind1="1" ind2=" ">
      <subfield code="a">Pioche de LaVergne, Marie-Madeleine</subfield>
      <subfield code="d">1634-1693</subfield>
      <subfield code="9">v:RAK alt</subfield>
    </datafield>
    <datafield tag="400" ind1="1" ind2=" ">
      <subfield code="a">LaVergne, Marie-Madeleine P. &#152;de&#156;</subfield>
      <subfield code="d">1634-1693</subfield>
      <subfield code="9">v:RAK alt</subfield>
    </datafield>
    <datafield tag="400" ind1="1" ind2=" ">
      <subfield code="a">LaFayette, Marie-Madeleine P. &#152;de&#156;</subfield>
      <subfield code="d">1634-1693</subfield>
      <subfield code="9">v:RAK alt</subfield>
    </datafield>
    <datafield tag="400" ind1="1" ind2=" ">
      <subfield code="a">LaVergne, Marie &#152;de&#156;</subfield>
      <subfield code="d">1634-1693</subfield>
    </datafield>
    <datafield tag="400" ind1="1" ind2=" ">
      <subfield code="a">LaFayette, Marie &#152;de&#156;</subfield>
      <subfield code="d">1634-1693</subfield>
    </datafield>
    <datafield tag="400" ind1="1" ind2=" ">
      <subfield code="a">Pioche de LaVergne, Marie M. &#152;de&#156;</subfield>
      <subfield code="d">1634-1693</subfield>
    </datafield>
    <datafield tag="400" ind1="1" ind2=" ">
      <subfield code="a">LaFayette, Marie-Magdeleine &#152;de&#156;</subfield>
      <subfield code="d">1634-1693</subfield>
    </datafield>
    <datafield tag="400" ind1="1" ind2=" ">
      <subfield code="a">LaFayette, Marie M. &#152;de&#156;</subfield>
      <subfield code="d">1634-1693</subfield>
      <subfield code="9">v:RAK alt</subfield>
    </datafield>
    <datafield tag="548" ind1=" " ind2=" ">
      <subfield code="a">1634-1693</subfield>
      <subfield code="4">datl</subfield>
      <subfield code="4">https://d-nb.info/standards/elementset/gnd#dateOfBirthAndDeath</subfield>
      <subfield code="w">r</subfield>
      <subfield code="i">Lebensdaten</subfield>
      <subfield code="9">v:anderslt. Geburtsjahr: 1633</subfield>
    </datafield>
    <datafield tag="548" ind1=" " ind2=" ">
      <subfield code="a">18.03.1634-25.05.1693</subfield>
      <subfield code="4">datx</subfield>
      <subfield code="4">https://d-nb.info/standards/elementset/gnd#dateOfBirthAndDeath</subfield>
      <subfield code="w">r</subfield>
      <subfield code="i">Exakte Lebensdaten</subfield>
    </datafield>
    <datafield tag="550" ind1=" " ind2=" ">
      <subfield code="0">(DE-101)040533115</subfield>
      <subfield code="0">(DE-588)4053311-6</subfield>
      <subfield code="0">https://d-nb.info/gnd/4053311-6</subfield>
      <subfield code="a">Schriftstellerin</subfield>
      <subfield code="4">berc</subfield>
      <subfield code="4">https://d-nb.info/standards/elementset/gnd#professionOrOccupation</subfield>
      <subfield code="w">r</subfield>
      <subfield code="i">Charakteristischer Beruf</subfield>
    </datafield>
    <datafield tag="550" ind1=" " ind2=" ">
      <subfield code="0">(DE-101)970412827</subfield>
      <subfield code="0">(DE-588)4770088-9</subfield>
      <subfield code="0">https://d-nb.info/gnd/4770088-9</subfield>
      <subfield code="a">Gräfin</subfield>
      <subfield code="4">adel</subfield>
      <subfield code="4">https://d-nb.info/standards/elementset/gnd#titleOfNobility</subfield>
      <subfield code="w">r</subfield>
      <subfield code="i">Adelstitel</subfield>
    </datafield>
    <datafield tag="550" ind1=" " ind2=" ">
      <subfield code="0">(DE-101)040004643</subfield>
      <subfield code="0">(DE-588)4000464-8</subfield>
      <subfield code="0">https://d-nb.info/gnd/4000464-8</subfield>
      <subfield code="a">Adel</subfield>
      <subfield code="4">obin</subfield>
      <subfield code="4">https://d-nb.info/standards/elementset/gnd#broaderTermInstantial</subfield>
      <subfield code="w">r</subfield>
      <subfield code="i">Oberbegriff instantiell</subfield>
    </datafield>
    <datafield tag="551" ind1=" " ind2=" ">
      <subfield code="0">(DE-101)040446603</subfield>
      <subfield code="0">(DE-588)4044660-8</subfield>
      <subfield code="0">https://d-nb.info/gnd/4044660-8</subfield>
      <subfield code="a">Paris</subfield>
      <subfield code="4">ortg</subfield>
      <subfield code="4">https://d-nb.info/standards/elementset/gnd#placeOfBirth</subfield>
      <subfield code="w">r</subfield>
      <subfield code="i">Geburtsort</subfield>
    </datafield>
    <datafield tag="551" ind1=" " ind2=" ">
      <subfield code="0">(DE-101)040446603</subfield>
      <subfield code="0">(DE-588)4044660-8</subfield>
      <subfield code="0">https://d-nb.info/gnd/4044660-8</subfield>
      <subfield code="a">Paris</subfield>
      <subfield code="4">orts</subfield>
      <subfield code="4">https://d-nb.info/standards/elementset/gnd#placeOfDeath</subfield>
      <subfield code="w">r</subfield>
      <subfield code="i">Sterbeort</subfield>
    </datafield>
    <datafield tag="667" ind1=" " ind2=" ">
      <subfield code="a">12</subfield>
    </datafield>
    <datafield tag="667" ind1=" " ind2=" ">
      <subfield code="a">7</subfield>
    </datafield>
    <datafield tag="667" ind1=" " ind2=" ">
      <subfield code="a">384</subfield>
    </datafield>
    <datafield tag="667" ind1=" " ind2=" ">
      <subfield code="a">SWB</subfield>
    </datafield>
    <datafield tag="670" ind1=" " ind2=" ">
      <subfield code="a">Internet</subfield>
      <subfield code="b">Stand: 29.04.2022</subfield>
      <subfield code="u">https://www.fembio.org/biographie.php/frau/biographie/marie-madeleine-de-lafayette/</subfield>
    </datafield>
    <datafield tag="670" ind1=" " ind2=" ">
      <subfield code="a">LCAuth ; BnF</subfield>
    </datafield>
    <datafield tag="672" ind1=" " ind2="0">
      <subfield code="a">Lettres</subfield>
      <subfield code="f">1806</subfield>
    </datafield>
    <datafield tag="672" ind1=" " ind2="0">
      <subfield code="a">Histoire de Mme. Henriette d'Angleterre ...</subfield>
      <subfield code="f">1721</subfield>
    </datafield>
    <datafield tag="672" ind1=" " ind2="0">
      <subfield code="a">Mémoires de la cour de France</subfield>
      <subfield code="f">1731</subfield>
    </datafield>
    <datafield tag="672" ind1=" " ind2="0">
      <subfield code="a">La princesse de Cleves</subfield>
      <subfield code="f">1678</subfield>
    </datafield>
    <datafield tag="672" ind1=" " ind2="0">
      <subfield code="a">La princesse de Montpensier</subfield>
      <subfield code="f">1678</subfield>
    </datafield>
    <datafield tag="672" ind1=" " ind2="0">
      <subfield code="a">Zayde</subfield>
      <subfield code="f">1670-1671</subfield>
    </datafield>
    <datafield tag="700" ind1="0" ind2="7">
      <subfield code="a">La Fayette</subfield>
      <subfield code="d">1634-1693</subfield>
      <subfield code="0">(DLC)n 81103469</subfield>
      <subfield code="2">naf</subfield>
      <subfield code="9">v:Madame de ;(Marie-Madeleine Pioche de La Vergne), ;1634-1693</subfield>
    </datafield>
    <datafield tag="913" ind1=" " ind2=" ">
      <subfield code="S">pnd</subfield>
      <subfield code="i">a</subfield>
      <subfield code="a">La Fayette, Marie-Madeleine Pioche de La Vergne /de</subfield>
      <subfield code="0">(DE-588a)118725939</subfield>
    </datafield>
    <datafield tag="913" ind1=" " ind2=" ">
      <subfield code="S">pnd</subfield>
      <subfield code="i">a</subfield>
      <subfield code="a">Lafayette, Marie M. /de</subfield>
      <subfield code="0">(DE-588a)186351801</subfield>
    </datafield>
  </record>
